%%%%%%%%%%%%%%%%%%%%%%%%%%%%%%%%%%%%%%%%%%%%%%%%%%%%%%%%%%%%%%%%%%%%%%%%%%%
% biblatex-chicago sources.bib: loaded by chicago17.cls 
%%%%%%%%%%%%%%%%%%%%%%%%%%%%%%%%%%%%%%%%%%%%%%%%%%%%%%%%%%%%%%%%%%%%%%%%%%%

@book{brown_goodnight_moon,
  author       = {Brown, Margaret Wise},
  title        = {Goodnight Moon},
  illustrator  = {Hurd, Clement},
  year         = {1947},
  publisher    = {Harper \& Row, Publishers},
  address      = {New York},
%  isbn         = {0-06-443017-0},
%  url          = {https://archive.org/details/GoodnightMoon-ChildrensBook/mode/2up}
}

@book{loremipsum2025,
  author       = {Dolor, Sit Amet},
  title        = {Lorem Ipsum: Classical Origins and Modern Uses},
  year         = {2025},
  publisher    = {Typographica Press},
  location     = {New York}
}

@online{purdueowl_chicago_format,
  author       = {{Purdue Online Writing Lab}},
  title        = {General Format},
  url          = {https://owl.purdue.edu/owl/research_and_citation/chicago_manual_17th_edition/cmos_formatting_and_style_guide/general_format.html},
  note         = {Accessed June 17, 2025},
  organization = {Purdue University}
}

@book{gray_fun_with_dick_jane,
  author       = {Gray, William S. and Arbuthnot, May Hill},
  title        = {Fun with Dick and Jane},
  subtitle     = {Basic Readers: Curriculum Foundation Series. A Revision of the Elson-Gray Basic Readers},
  illustrator  = {Campbell, Eleanor and Ward, Keith},
  publisher    = {W. J. Gage \& Co., Limited},
  address      = {Toronto},
  year         = {1940},
%  url          = {https://archive.org/details/basicreaderscurrgray_1/page/n3/mode/2up}
}
